<record><leader>02907nam a2200445 i 4500</leader><controlfield tag="001">6638281</controlfield><controlfield tag="003">CaOOAMICUS</controlfield><controlfield tag="005">20140319091437.0</controlfield><controlfield tag="008">140319t20152015onca     b    001 0 eng  </controlfield><datafield ind1=" " ind2=" " tag="016"><subfield code="a">20149019386</subfield></datafield><datafield ind1=" " ind2=" " tag="020"><subfield code="a">9780176531652 (bound)</subfield></datafield><datafield ind1=" " ind2=" " tag="035"><subfield code="a">ocn874205775</subfield></datafield><datafield ind1=" " ind2=" " tag="040"><subfield code="a">CaOONL</subfield><subfield code="b">eng</subfield><subfield code="e">rda</subfield><subfield code="c">CaOONL</subfield><subfield code="d">AGPC</subfield></datafield><datafield ind1=" " ind2="0" tag="055"><subfield code="a">RC454</subfield><subfield code="b">B36 2014</subfield></datafield><datafield ind1="0" ind2=" " tag="082"><subfield code="a">616.89</subfield><subfield code="2">23</subfield></datafield><datafield ind1=" " ind2=" " tag="090"><subfield code="a">RC 454 B36 2014</subfield><subfield code="b">AGPC</subfield></datafield><datafield ind1=" " ind2=" " tag="090"><subfield code="a">RC 454 B36 2015</subfield><subfield code="b">AEU</subfield></datafield><datafield ind1=" " ind2=" " tag="090"><subfield code="a">RC454 .B345 2015</subfield><subfield code="b">AEGMCT</subfield></datafield><datafield ind1="1" ind2=" " tag="100"><subfield code="a">Barlow, David H,</subfield><subfield code="e">author.</subfield></datafield><datafield ind1="1" ind2="0" tag="245"><subfield code="a">Abnormal psychology :</subfield><subfield code="b">an integrative approach /</subfield><subfield code="c">David H. Barlow, Boston University, V. Mark Durand, University of South Florida St. Petersburg, Sherry H. Stewart, Dalhousie University, Martin L. Lalumi&#232;re, University of Ottawa.</subfield></datafield><datafield ind1=" " ind2=" " tag="250"><subfield code="a">Fourth Canadian edition.</subfield></datafield><datafield ind1=" " ind2="1" tag="264"><subfield code="a">Toronto, Ontario :</subfield><subfield code="b">Nelson Education,</subfield><subfield code="c">[2015]</subfield></datafield><datafield ind1=" " ind2="4" tag="264"><subfield code="c">&#169;2015</subfield></datafield><datafield ind1=" " ind2=" " tag="300"><subfield code="a">xxvi, 579, 11, 89,42 pages :</subfield><subfield code="b">illustrations (chiefly colour) ;</subfield><subfield code="c">29 cm</subfield></datafield><datafield ind1=" " ind2=" " tag="336"><subfield code="a">text</subfield><subfield code="b">txt</subfield><subfield code="2">rdacontent</subfield></datafield><datafield ind1=" " ind2=" " tag="337"><subfield code="a">unmediated</subfield><subfield code="b">n</subfield><subfield code="2">rdamedia</subfield></datafield><datafield ind1=" " ind2=" " tag="338"><subfield code="a">volume</subfield><subfield code="b">nc</subfield><subfield code="2">rdacarrier</subfield></datafield><datafield ind1=" " ind2=" " tag="504"><subfield code="a">Includes bibliographical references (pages R-1-R-89) and indexes.</subfield></datafield><datafield ind1="0" ind2=" " tag="505"><subfield code="a">Abnormal behaviour in historical context -- An integrative approach to psychopathology -- Clinical assessment and diagnosis -- Research methods -- Anxiety, trauma-related, and obsessive-compulsive disorders -- Somatic symptom and dissociative disorders -- Mood disorders and suicide -- Eating and sleep-wake disorders -- Physical disorders and health psychology -- Sexual dysfunctions, paraphilic disorders, and gender dysphoria -- Substance-related, addictive, and impulse-control disorders -- Personality disorders -- Schizophrenia spectrum and other psychotic disorders -- Neurodevelopmental disorders -- Mental health services : legal and ethical issues.</subfield></datafield><datafield ind1=" " ind2=" " tag="596"><subfield code="a">28 29 43</subfield></datafield><datafield ind1=" " ind2="0" tag="650"><subfield code="a">Psychology, Pathological</subfield><subfield code="v">Textbooks.</subfield></datafield><datafield ind1=" " ind2="0" tag="650"><subfield code="a">Mental illness</subfield><subfield code="v">Textbooks.</subfield></datafield><datafield ind1="1" ind2=" " tag="700"><subfield code="a">Durand, Vincent Mark,</subfield><subfield code="e">author.</subfield></datafield><datafield ind1="1" ind2=" " tag="700"><subfield code="a">Lalumi&#232;re, Martin L.,</subfield><subfield code="d">1966-,</subfield><subfield code="e">author.</subfield></datafield><datafield ind1="1" ind2=" " tag="700"><subfield code="a">Stewart, Sherry H.</subfield><subfield code="q">(Sherry Heather),</subfield><subfield code="d">1965-,</subfield><subfield code="e">author.</subfield></datafield><datafield ind1=" " ind2=" " tag="926"><subfield code="a">RC 454 B36 2014</subfield><subfield code="w">LC</subfield><subfield code="c">1</subfield><subfield code="i">31847001265690</subfield><subfield code="d">7/6/2015</subfield><subfield code="e">7/6/2015</subfield><subfield code="k">MISSING</subfield><subfield code="l">ON_SHELF</subfield><subfield code="m">GPRC_GP</subfield><subfield code="n">4</subfield><subfield code="p">$150.00</subfield><subfield code="r">M</subfield><subfield code="s">Y</subfield><subfield code="t">BOOK</subfield><subfield code="u">7/22/2014</subfield></datafield><datafield ind1=" " ind2=" " tag="926"><subfield code="a">RC 454 B36 2015</subfield><subfield code="w">LC</subfield><subfield code="c">1</subfield><subfield code="i">0162033696509</subfield><subfield code="d">2/1/2017</subfield><subfield code="e">3/1/2017</subfield><subfield code="k">RESERVES</subfield><subfield code="l">ON_SHELF</subfield><subfield code="m">UAHSS</subfield><subfield code="n">99</subfield><subfield code="p">$150.00</subfield><subfield code="r">Y</subfield><subfield code="s">Y</subfield><subfield code="t">SHORT_LOAN</subfield><subfield code="u">9/15/2015</subfield><subfield code="0">TEXTBOOK</subfield></datafield><datafield ind1=" " ind2=" " tag="926"><subfield code="a">RC 454 B36 2015</subfield><subfield code="w">LC</subfield><subfield code="c">2</subfield><subfield code="i">0162033696442</subfield><subfield code="d">12/19/2016</subfield><subfield code="e">12/19/2016</subfield><subfield code="k">RESERVES</subfield><subfield code="l">ON_SHELF</subfield><subfield code="m">UAHSS</subfield><subfield code="n">72</subfield><subfield code="p">$150.00</subfield><subfield code="r">Y</subfield><subfield code="s">Y</subfield><subfield code="t">SHORT_LOAN</subfield><subfield code="u">9/15/2015</subfield><subfield code="0">TEXTBOOK</subfield></datafield><datafield ind1=" " ind2=" " tag="926"><subfield code="a">RC 454 B36 2015</subfield><subfield code="w">LC</subfield><subfield code="c">3</subfield><subfield code="i">0162033696384</subfield><subfield code="d">12/20/2016</subfield><subfield code="e">12/20/2016</subfield><subfield code="k">RESERVES</subfield><subfield code="l">ON_SHELF</subfield><subfield code="m">UAHSS</subfield><subfield code="n">70</subfield><subfield code="p">$150.00</subfield><subfield code="r">Y</subfield><subfield code="s">Y</subfield><subfield code="t">SHORT_LOAN</subfield><subfield code="u">9/15/2015</subfield><subfield code="0">TEXTBOOK</subfield></datafield><datafield ind1=" " ind2=" " tag="926"><subfield code="a">RC454 .B345 2015</subfield><subfield code="w">LC</subfield><subfield code="c">1</subfield><subfield code="i">1007843467</subfield><subfield code="d">3/20/2017</subfield><subfield code="e">3/20/2017</subfield><subfield code="k">RESERVES</subfield><subfield code="l">ON_SHELF</subfield><subfield code="m">GR_MACEWAN</subfield><subfield code="n">4</subfield><subfield code="p">$185.25</subfield><subfield code="r">Y</subfield><subfield code="s">Y</subfield><subfield code="t">BOOK</subfield><subfield code="u">1/6/2017</subfield><subfield code="z">TEXTBK-MAC</subfield><subfield code="0">TEXTBK-MAC</subfield></datafield></record>